@ARTICLE{Alami1998,
  author = {Alami, R. and Chatila, R. and Fleury, S. and Ghallab, M. and Ingrand, F.},
  title = {An Architecture for Autonomy},
  journal = {International Journal of robotics Research, Special Issue on Integrated Architectures for Robot Control and Programming},
  year = {1998},
  volume = {17},
  number = {4}
}

@INPROCEEDINGS{Alili2008,
  author = {S. Alili and V. Montreuil and R. Alami},
  title = {{HATP} Task Planner for social behavior control in Autonomous Robotic Systems for HRI},
  booktitle = {The 9th International Symposium on Distributed Autonomous Robotic Systems},
  year = {2008}
}

@ARTICLE{Althaus2004,
  author = {Althaus, P. and Ishiguro, H. and Kanda, T. and Miyashita, T. and Christensen, H.I.},
  title = {Navigation for Human-Robot Interaction Tasks},
  journal = {IEEE Int. Conf. on Robotics \& Automation, New Orleans, USA},
  year = {2004}
}

@article{ARToolkit,
author = "ARToolkit",
title = {Documentation and Download site},
journal = "http://www.hitl.washington.edu/artoolkit/"
}

@TECHREPORT{Berg2004,
  author = {Berg, J. van den and Overmars, M.},
  title = {Roadmap-based Motion Planning in Dynamic Environments},
  institution = {Utrecht University, NL},
  year = {2004}
}

@ARTICLE{Breazeal2003,
  author = {Breazeal, C.},
  title = {Towards Sociable Robots},
  journal = {Robotics and Autonomous Syst.},
  year = {2003},
  pages = {167-175}
}

@Article{Breazeal2001,
  author = 	 {Breazeal, C. and Edsinger, A. and Fitzpatrick, P. and Scassellati, B.}, 
  title = 	 {Active vision for sociable robots},
  journal = 	 {IEEE Transactions on Systems, Man and Cybernetics, Part A},
  year = 	 {2001},
  volume = 	 {31},
  number = 	 {5},
  pages = 	 {443-453}
}

@article{breazeal2006,
	Author = {Breazeal, C. and Berlin, M. and Brooks, A. and Gray, J. and Thomaz, A.},
	Journal = {Robotics and Autonomous Systems},
	Pages = {385--393},
	Title = {Using Perspective Taking to Learn from Ambiguous Demonstrations},
	Year = {2006}
}

@inproceedings{Burger2008,
  author    = {Burger, B. and Ferrane, I. and Lerasle, F.},
  title     = {Multimodal Interaction Abilities for a Robot Companion},
  booktitle = {ICVS},
  year      = {2008},
  pages     = {549-558}
}

@Book{Clark1996,
  author = 	 {Clark, H. H.},
  title = 	 {Using Language},
  publisher = 	 {Cambridge University Press},
  year = 	 {1996}
}

@ARTICLE{Cohen1991,
  author = {Cohen, P. R. and Levesque, H. J.},
  title = {Teamwork},
  journal = {Nous},
  year = {1991},
  volume = {25(4)},
  pages = {487-512}
}

@inbook{Flavell1992,
	Author = {Flavell, J.},
	Pages = {107-139},
	Publisher = {L. Erlbaum Associates},
	Title = {Perspectives on Perspective Taking},
	Year = {1992}
}

@inproceedings{Fong_2006,
   author = "Fong, T. W.  and Kunz, C. and Hiatt, L. and Bugajska, M.",
   title = "The Human-Robot Interaction Operating System",
   booktitle = "2006 Human-Robot Interaction Conference",
   month = "March",
   year = "2006",
   publisher = "ACM"
}

@ARTICLE{Grosz1996,
  author = {Grosz, B. J. and Kraus, S.},
  title = {Collaborative Plans for Complex Group Action},
  journal = {Artificial Intelligence},
  year = {1996},
  volume = {86},
  pages = {269-358}
}

@article{Johnson2005,
	Author = {Johnson, M. and Demiris, Y.},
	Journal = {Advanced Robotic Systems},
	Number = {4},
	Pages = {301-308},
	Title = {Perceptual Perspective Taking and Action Recognition},
	Volume = {2},
	Year = {2005}
}

@ARTICLE{Kemp2007,
  author = {Kemp, C.C. and  Edsinger, A. Torres-Jara, E.},
  title = { Challenges for robot manipulation in human environments},
  journal = {Robotics \& Automation Magazine, IEEE},
  year = {2007}
}

@Article{Klein2004,
  author = 	 {Klein, G. and Woods, D. D.and Bradshaw, J. M. and  Hoffman, R. R.and Feltovich, P. J.},
  title = 	 {Ten Challenges for Making Automation a "Team Player" in Joint Human-Agent Activity},
  journal =  {IEEE Intelligent Systems},
  year = 	 {2004},
  volume = 	 {19},
  number = 	 {6},
  pages = 	 {91-95}
}

@inproceedings{Kollar10,
	Author = {Kollar, T. and Tellex, S. and Roy, D. and Roy, N.},
	Booktitle = {HRI},
	Pages = {259-266},
	Title = {Toward understanding natural language directions},
	Year = {2010}
}

@Article{Kulic2007,
  author = 	 {Kulic, D. and Croft, E.},
  title = 	 {Pre-collision safety strategies for human-robot interaction},
  journal =  {Autonomous Robots},
  year = 	 {2007},
  volume = 	 {22},
  number = 	 {2},
  pages = 	 {149-164}
}

@INPROCEEDINGS{Lemaignan2011,
  author = {Lemaignan, S. and Sisbot, A. and Alami, R.},
  title = {Anchoring interaction through symbolic knowledge},
  booktitle = {Proceedings of the 2011 Human-Robot Interaction Pioneers workshop},
  year = {2011}
}

@inproceedings{Lemaignan2010,
  author = {Lemaignan, S. and Ros, R. and Mosenlechner, L. and Alami, R. and Beetz, M.},
  title = {ORO, a knowledge management module for cognitive architectures in robotics},
  booktitle = {Proceedings of the 2010 IEEE/RSJ International Conference on Intelligent Robots and Systems},
  year = {2010}
}

@Article{Madhav2006,
  author = 	 {Madhava, K. and Alami, R. and Simeon, T.},
  title = 	 {Safe proactive plans and their execution},
  journal =	 {Robotics and Autonomous Systems},
  year = 	 {2006},
  volume = 	 {54},
  number = 	 {3},
  pages = 	 {244-255}
}

@inproceedings{Mainprice2011,
 author = {Mainprice, J. and Sisbot, E.A. and Jaillet, L. and Cortes,J. and Alami, R. and Simeon, T.},
 title = {Planning human-aware motions using a sampling-based costmap planner},
 booktitle = {IEEE International Conference on Robotics and Automation},
 year = {2011}
}

@inproceedings{Matuszek10,
	Author = {Matuszek, C. and Fox, D. and Koscher, K.},
	Booktitle = {Int. Conf. on Human-Robot Interaction},
	Publisher = {ACM Press},
	Title = {Following Directions Using Statistical Machine Translation},
	Year = {2010}
}

@ARTICLE{Nau2003,
  author = {Nau, D. and Au, T. C. and Ilghami, O. and Kuter, U. and Murdock, J. W. and Wu, D. and Yaman, F.},
  title = {SHOP2: An HTN Planning System},
  journal = {Journal of Artificial Intelligence Research},
  year = {2003},
  pages = {379-404}
}

@book{OKeefe1999,
	Author = {O'Keefe, J.},
	Publisher = {MIT Press},
	Title = {The Spatial Prepositions},
	Year = {1999}
}

@inproceedings{Pandey2010,
  author = {Pandey, A.K. and Alami, R.},
  title = {Mightability maps: A perceptual level decisional framework for co-operative and competitive human-robot interaction},
  booktitle = {IEEE/RSJ International Conference on Intelligent Robots and Systems},
  year = {2010}
}

@ARTICLE{Rich1997,
  author = {Rich, C. and Sidner, C. L.},
  title = {COLLAGEN: When Agents Collaborate with People},
  journal = {Proceedings of the first international conference on Autonomous Agents},
  year = {1997}
}

@INPROCEEDINGS{Ros2010b,
  author = {Ros, R. and Lemaignan, S. and Sisbot, E.A. and Alami, R. and Steinwender, J. and Hamann, K. and Warneken, F.},
  title = {Which One? Grounding the Referent Based on Efficient Human-Robot	Interaction},
  booktitle = {19th IEEE International Symposium in Robot and Human Interactive	Communication},
  year = {2010}
}

@ARTICLE{Scassellati2002,
  author = {Scassellati, B.},
  title = {Theory of mind for a humanoid robot},
  journal = {Autonomous Robots},
  year = {2002},
  volume = {12},
  pages = {13--24},
  number = {1},
  publisher = {Springer}
}

@ARTICLE{Sidner2005,
  author = {Sidner, C. L. and Lee, C. and Kidd, C. and Lesh, N. and Rich, C.},
  title = {Explorations in Engagement for Humans and Robots},
  journal = {Artificial Intelligence},
  year = {2005},
  volume = 	 {166},
  number = {1-2},
  pages = 	 {140-164}
}

@inproceedings {Sisbot2008,
	author = {Sisbot, E. A. and Clodic, A. and Alami, R. and Ransan, M.},
	title = {Supervision and Motion Planning for a Mobile Manipulator Interacting with Humans},
	journal = {ACM/IEEE International Conference on Human-Robot Interaction (HRI 2008)},
	year = {2008}
}

@Article{Sisbot2007,
  author = 	 {Sisbot, E.A. and Marin-Urias, L.F. and Alami, R. and Simeon, T.},
  title = 	 {A Human Aware Mobile Robot Motion Planner},
  journal = 	 {IEEE Transactions on Robotics},
  year = 	 {2007},
  volume = 	 {23},
  number = 	 {5},
  pages = 	 {874-883},
}

@INPROCEEDINGS{Sisbot2011,
  author = {Sisbot, E.A. and Ros, R. and Alami, R.},
  title = {Situation Assessment for Human-Robot Interaction},
  booktitle = {20th IEEE International Symposium in Robot and Human Interactive Communication},
  year = {2011}
}

@article{Skubic2004,
	Author = {M. Skubic and D. Perzanowski and S. Blisard and A. Schultz and W. Adams and M. Bugajska and D. Brock},
	Journal = {IEEE Transactions on Systems, Man, and Cybernetics, Part C: Applications and Reviews},
	Number = {2},
	Pages = {154--167},
	Title = {Spatial language for human-robot dialogs},
	Volume = {34},
	Year = {2004}
}

@Article{Tambe2005a,
  author = 	 {Tambe, M.},
  title = 	 {Towards Flexible Teamwork},
  journal =  {JAIR},
  year = 	 {1997},
  volume = 	 {7},
  pages = 	 {83-124}
}

@phdthesis{Tellex10,
	Author = {Tellex, S.},
	School = {MIT},
	Title = {Natural Language and Spatial Reasoning},
	Year = {2010}
}

@article{Trafton2005,
	Author = {Trafton, J. and Cassimatis, N. and Bugajska, M. and Brock, D. and Mintz, F. and Schultz, A.},
	Journal = {IEEE Transactions on Systems, Man, and Cybernetics},
	Pages = {460--470},
	Title = {Enabling Effective Human-robot Interaction Using Perspective-taking in Robots},
	Volume = {Part A},
	Year = {2005}
}

@article{Tversky1999,
	Author = {Tversky, B. and Lee, P. and Mainwaring, S.},
	Journal = {Spatial Cognition and Computation},
	Number = {4},
	Pages = {399--412},
	Publisher = {Kluwer Academic Publishers},
	Title = {Why do speakers mix perspectives?},
	Volume = {1},
	Year = {1999}
}

