% Planning and dialog

% Theory of Mind and its use

% Supervision for Collaborative execution - Shared plans

% Human-aware planning

% Belief management and perspective-taking

% Joint Action

% Semantics

% Experiments

% General

% Affordances 

%---------------------------------------

% Planning and dialog

@inproceedings{milliez2016using,
  title={Using human knowledge awareness to adapt collaborative plan generation, explanation and monitoring},
  author={Milliez, Gr{\'e}goire and Lallement, Rapha{\"e}l and Fiore, Michelangelo and Alami, Rachid},
  booktitle={The Eleventh ACM/IEEE International Conference on Human Robot Interation},
  pages={43--50},
  year={2016},
  organization={IEEE Press}
}

@article{tellex2014asking,
  title={Asking for help using inverse semantics},
  author={Tellex, Stefanie and Knepper, Ross and Li, Adrian and Rus, Daniela and Roy, Nicholas},
  journal={Robotics, Science and Systems},
  year={2014}
}

% Theory of Mind and its use

@inproceedings{devin2016implemented,
  title={An implemented theory of mind to improve human-robot shared plans execution},
  author={Devin, Sandra and Alami, Rachid},
  booktitle={The Eleventh ACM/IEEE International Conference on Human Robot Interation},
  pages={319--326},
  year={2016},
  organization={IEEE Press}
}

@article{scassellati2002theory,
  title={Theory of mind for a humanoid robot},
  author={Scassellati, Brian},
  journal={Autonomous Robots},
  volume={12},
  number={1},
  pages={13--24},
  year={2002},
  publisher={Springer}
}

@inproceedings{hiatt2010cognitive,
  title={A cognitive model of theory of mind},
  author={Hiatt, Laura M and Trafton, J Gregory},
  booktitle={10th Int. Conf. on Cognitive Modeling},
  pages={91--96},
  year={2010},
  organization={Citeseer}
}

@inproceedings{hiatt2015understanding,
  title={Understanding Second-Order Theory of Mind},
  author={Hiatt, Laura M and Trafton, J Gregory},
  booktitle={Int. Conf. on Human-Robot Interaction},
  pages={167--168},
  year={2015},
  organization={ACM/IEEE}
}

@article{byom2013theory,
  title={Theory of mind: mechanisms, methods, and new directions},
  author={Byom, Lindsey J and Mutlu, Bilge},
  journal={Frontiers in human neuroscience},
  volume={7},
  year={2013},
  publisher={Frontiers Media SA}
}

@article{gray2014manipulating,
  title={Manipulating mental states through physical action},
  author={Gray, Jesse and Breazeal, Cynthia},
  journal={Int. Journal of Social Robotics},
  volume={6},
  number={3},
  year={2014},
  publisher={Springer}
}

@inproceedings{hiatt2011accommodating,
  title={Accommodating human variability in human-robot teams through theory of mind},
  author={Hiatt, Laura M and Harrison, Anthony M and Trafton, J Gregory},
  booktitle={Int. Joint Conf. on Artificial Intelligence},
  volume={22},
  number={3},
  pages={2066},
  year={2011}
}

@incollection{breazeal2011mindreading,
  title={Mindreading as a foundational skill for socially intelligent robots},
  author={Breazeal, Cynthia and Gray, Jesse and Berin, Matt},
  booktitle={Robotics Research},
  year={2011},
  publisher={Springer}
}

% Supervision for Collaborative execution - Shared plans

@incollection{fiore2016planning,
  title={On planning and task achievement modalities for human-robot collaboration},
  author={Fiore, Michelangelo and Clodic, Aur{\'e}lie and Alami, Rachid},
  booktitle={Experimental Robotics},
  pages={293--306},
  year={2016},
  publisher={Springer International Publishing}
}


@inproceedings{clodic2009shary,
  title={Shary: a supervision system adapted to human-robot interaction},
  author={Clodic, Aur{\'e}lie and Cao, Hung and Alili, Samir and Montreuil, Vincent and Alami, Rachid and Chatila, Raja},
  booktitle={Experimental Robotics},
  pages={229--238},
  year={2009},
  organization={Springer}
}


@inproceedings{shah2011improved,
  title={Improved human-robot team performance using chaski, a human-inspired plan execution system},
  author={Shah, Julie and Wiken, James and Williams, Brian and Breazeal, Cynthia},
  booktitle={Int. Conf. on Human-Robot Interaction, HRI'11},
  year={2011},
  organization={ACM}
}


@article{demiris2006hierarchical,
  title={Hierarchical attentive multiple models for execution and recognition of actions},
  author={Demiris, Yiannis and Khadhouri, Bassam},
  journal={Robotics and autonomous systems},
  volume={54},
  number={5},
  pages={361--369},
  year={2006},
  publisher={Elsevier}
}

@article{nikolaidis2012human,
	author = "Nikolaidis, Stefanos and Shah, Julie",
	journal = "ACM/IEEE HRI",
	title = "{Human-robot teaming using shared mental models}",
	year = "2012"
}


@article{cohen1990intention,
  title={Intention is choice with commitment},
  author={Cohen, Philip R and Levesque, Hector J},
  journal={Artificial intelligence},
  volume={42},
  number={2},
  pages={213--261},
  year={1990},
  publisher={Elsevier}
}


@article{bratman1993shared,
  title={Shared intention},
  author={Bratman, Michael E},
  journal={Ethics},
  pages={97--113},
  year={1993},
  publisher={JSTOR}
}

@article{grosz1996collaborative,
  title={Collaborative plans for complex group action},
  author={Grosz, Barbara J and Kraus, Sarit},
  journal={Artificial Intelligence},
  volume={86},
  number={2},
  pages={269--357},
  year={1996},
  publisher={Elsevier}
}

@article{tomasello2005understanding,
  title={Understanding and sharing intentions: The origins of cultural cognition},
  author={Tomasello, Michael and Carpenter, Malinda and Call, Josep and Behne, Tanya and Moll, Henrike},
  journal={Behavioral and brain sciences},
  volume={28},
  number={05},
  pages={675--691},
  year={2005},
  publisher={Cambridge Univ Press}
}


% Human-aware planning

@inproceedings{waldhart2015planning,
  title={Planning handovers involving humans and robots in constrained environment},
  author={Waldhart, Jules and Gharbi, Mamoun and Alami, Rachid},
  booktitle={Intelligent Robots and Systems (IROS), 2015 IEEE/RSJ International Conference on},
  pages={6473--6478},
  year={2015},
  organization={IEEE}
}

@article{sisbot2012human,
  title={A human-aware manipulation planner},
  author={Sisbot, Emrah Akin and Alami, Rachid},
  journal={IEEE Transactions on Robotics},
  volume={28},
  number={5},
  pages={1045--1057},
  year={2012},
  publisher={IEEE}
}

@article{kruse2013human,
  title={Human-aware robot navigation: A survey},
  author={Kruse, Thibault and Pandey, Amit Kumar and Alami, Rachid and Kirsch, Alexandra},
  journal={Robotics and Autonomous Systems},
  volume={61},
  number={12},
  pages={1726--1743},
  year={2013},
  publisher={North-Holland}
}

@article{cirillo2010human,
  title={Human-aware task planning: An application to mobile robots},
  author={Cirillo, Marcello and Karlsson, Lars and Saffiotti, Alessandro},
  journal={ACM Transactions on Intelligent Systems and Technology (TIST)},
  volume={1},
  number={2},
  pages={15},
  year={2010},
  publisher={ACM}
}


% Belief management and perspective-taking

@incollection{ferreira2015users,
  title={Usersâ€™ Belief Awareness in Reinforcement Learning-Based Situated Human--Robot Dialogue Management},
  author={Ferreira, Emmanuel and Milliez, Gr{\'e}goire and Lef{\`e}vre, Fabrice and Alami, Rachid},
  booktitle={Natural Language Dialog Systems and Intelligent Assistants},
  pages={73--86},
  year={2015},
  publisher={Springer International Publishing}
}

@article{trafton2005enabling,
  title={Enabling effective human-robot interaction using perspective-taking in robots},
  author={Trafton, J Gregory and Cassimatis, Nicholas L and Bugajska, Magdalena D and Brock, Derek P and Mintz, Farilee E and Schultz, Alan C},
  journal={Systems, Man and Cybernetics},
  volume={35},
  number={4},
  pages={460--470},
  year={2005},
  publisher={IEEE}
}

@article{breazeal2006using,
  title={Using perspective taking to learn from ambiguous demonstrations},
  author={Breazeal, Cynthia and Berlin, Matt and Brooks, Andrew and Gray, Jesse and Thomaz, Andrea L},
  journal={Robotics and Autonomous Systems},
  volume={54},
  number={5},
  year={2006},
  publisher={Elsevier}
}

@inproceedings{clodic2007management,
  title={A management of mutual belief for human-robot interaction},
  author={Clodic, Aur{\'e}lie and Ransan, Maxime and Alami, Rachid and Montreuil, Vincent},
  booktitle={Systems, Man and Cybernetics},
  pages={1551--1556},
  year={2007},
  organization={IEEE}
}



% Joint Action

@article{clodic2014key,
  title={Key Elements for Human-Robot Joint Action},
  author={Clodic, Aur{\'e}lie and Alami, Rachid and Chatila, Raja},
  journal={Sociable Robots and the Future of Social Relations: Proceedings of Robo-Philosophy 2014},
  volume={273},
  pages={23--33},
  year={2014},
  publisher={IOS Press}
}

@article{knoblich20113,
  title={Psychological research on joint action: theory and data},
  author={Knoblich, G{\"u}nther and Butterfill, Stephen and Sebanz, Natalie},
  journal={Psychology of Learning and Motivation-Advances in Research and Theory},
  volume={54},
  pages={59},
  year={2011}
}

@article{pacherie2012phenomenology,
  title={The phenomenology of joint action: Self-agency vs. joint-agency},
  author={Pacherie, Elisabeth},
  journal={Joint attention: New developments},
  pages={343--389},
  year={2012},
  publisher={MIT Press}
}

@article{vesper2010minimal,
  title={A minimal architecture for joint action},
  author={Vesper, Cordula and Butterfill, Stephen and Knoblich, G{\"u}nther and Sebanz, Natalie},
  journal={Neural Networks},
  volume={23},
  number={8},
  pages={998--1003},
  year={2010},
  publisher={Elsevier}
}


@article{tomasello2005,
author = {Tomasello,M. and Carpenter,M. and Call,J. and Behne,T. and Moll,H.},
title = {Understanding and sharing intentions: The origins of cultural cognition},
journal = {Behavioral and Brain Sciences},
volume = {28},
issue = {05},
month = {10},
year = {2005},
issn = {1469-1825},
pages = {675--691},
numpages = {17},
doi = {10.1017/S0140525X05000129},
URL = {http://journals.cambridge.org/article\_S0140525X05000129},
}

% Semantics

@article{pandey2014towards,
  title={Towards human-level semantics understanding of human-centered object manipulation tasks for hri: Reasoning about effect, ability, effort and perspective taking},
  author={Pandey, Amit Kumar and Alami, Rachid},
  journal={International Journal of Social Robotics},
  volume={6},
  number={4},
  pages={593--620},
  year={2014},
  publisher={Springer Netherlands}
}

@inproceedings{milliez2014framework,
  title={A framework for endowing an interactive robot with reasoning capabilities about perspective-taking and belief management},
  author={Milliez, Gr{\'e}goire and Warnier, Matthieu and Clodic, Aur{\'e}lie and Alami, Rachid},
  booktitle={The 23rd IEEE International Symposium on Robot and Human Interactive Communication},
  pages={1103--1109},
  year={2014},
  organization={IEEE}
}

% Experiments

@article{dehais2011physiological,
  title={Physiological and subjective evaluation of a human--robot object hand-over task},
  author={Dehais, Fr{\'e}d{\'e}ric and Sisbot, Emrah Akin and Alami, Rachid and Causse, Micka{\"e}l},
  journal={Applied Ergonomics},
  volume={42},
  number={6},
  pages={785--791},
  year={2011},
  publisher={Elsevier}
}

@inproceedings{dautenhahn2006may,
  title={How may {I} serve you?: a robot companion approaching a seated person in a helping context},
  author={Dautenhahn, Kerstin and Walters, Michael and Woods, Sarah and Koay, Kheng Lee and Nehaniv, Chrystopher L and Sisbot, A and Alami, Rachid and Sim{\'e}on, Thierry},
  booktitle={Proceedings of the 1st ACM SIGCHI/SIGART conference on Human-robot interaction},
  pages={172--179},
  year={2006},
  organization={ACM}
}

@inproceedings{koay2007exploratory,
  title={{Exploratory Study of a Robot Approaching a Person in the Context of
      Handing Over an Object}},
  author={Koay, Kheng Lee and Sisbot, Emrah Akin and Syrdal, Dag Sverre and Walters, Mick L and Dautenhahn, Kerstin and Alami, Rachid},
  booktitle={AAAI spring symposium: Multidisciplinary Collaboration for Socially
      Assistive Robotics},
  pages={18--24},
  year={2007}
}

@inproceedings{GharbiROMAN2015,
author={M. Gharbi and P. V. Paubel and A. Clodic and O. Carreras and R. Alami and J. M. Cellier},
booktitle={Robot and Human Interactive Communication (RO-MAN), 2015 24th IEEE International Symposium on},
title={Toward a better understanding of the communication cues involved in a human-robot object transfer},
year={2015},
pages={319-324},
doi={10.1109/ROMAN.2015.7333626},
month={Aug},}

% General

@inproceedings{alami2013human,
  title={On human models for collaborative robots},
  author={Alami, Rachid},
  booktitle={Collaboration Technologies and Systems (CTS), 2013 International Conference on},
  pages={191--194},
  year={2013},
  organization={IEEE}
}

@inproceedings{alami2011robot,
  title={When the robot considers the human...},
  author={Alami, Rachid and Warnier, Mathieu and Guitton, Julien and Lemaignan, Severin and Sisbot, Emrah Akin},
  booktitle={Proceedings of the 15th international symposium on robotics research},
  year={2011}
}

% Affordances 

@article{koppula2013anticipating,
	author = "Koppula, Hema S and Saxena, Ashutosh",
	journal = "Robotics: Science and Systems, Berlin",
	title = "{Anticipating human activities using object affordances for reactive robotic response}",
	year = "2013"
}

@inproceedings{pandey2013affordance,
  title={Affordance graph: A framework to encode perspective taking and effort based affordances for day-to-day human-robot interaction},
  author={Pandey, Amit Kumar and Alami, Rachid},
  booktitle={IROS 2013, IEEE/RSJ International Conference on Intelligent Robots and Systems},
  pages={2180--2187},
  year={2013},
  organization={IEEE}
}

%-----


@article{Rios-MartinezSL15,
  author    = {Jorge Rios{-}Martinez and
               Anne Spalanzani and
               Christian Laugier},
  title     = {From Proxemics Theory to Socially-Aware Navigation: {A} Survey},
  journal   = {I. J. Social Robotics},
  volume    = {7},
  number    = {2},
  pages     = {137--153},
  year      = {2015},
  url       = {http://dx.doi.org/10.1007/s12369-014-0251-1},
  doi       = {10.1007/s12369-014-0251-1},
 }



@Inbook{Clodic2009,
author="Clodic, Aur{\'e}lie
and Cao, Hung
and Alili, Samir
and Montreuil, Vincent
and Alami, Rachid
and Chatila, R.",
editor="Khatib, Oussama
and Kumar, Vijay
and Pappas, George J.",
title="SHARY: A Supervision System Adapted to Human-Robot Interaction",
bookTitle="Experimental Robotics: The Eleventh International Symposium",
year="2009",
publisher="Springer Berlin Heidelberg",
address="Berlin, Heidelberg",
pages="229--238",
isbn="978-3-642-00196-3",
doi="10.1007/978-3-642-00196-3_27",
url="http://dx.doi.org/10.1007/978-3-642-00196-3_27"
}


@inproceedings{Clodic2007smc, 
author={A. Clodic and M. Ransan and R. Alami and V. Montreuil}, 
booktitle={2007 IEEE International Conference on Systems, Man and Cybernetics}, 
title={A management of mutual belief for human-robot interaction}, 
year={2007}, 
pages={1551-1556}, 
keywords={control engineering computing;interactive systems;man-machine systems;service robots;Jido robotic platform;human-robot collaborative task achievement;human-robot interaction;interactive task achievement;mutual belief management;service robots;Cognitive robotics;Collaboration;Collaborative work;Grounding;Human robot interaction;Knowledge management;Orbital robotics;Robot motion;Robot sensing systems;Service robots}, 
doi={10.1109/ICSMC.2007.4414019}, 
ISSN={1062-922X}, 
month={Oct},}




@article{Alami98,
  author    = {Rachid Alami and
               Raja Chatila and
               Sara Fleury and
               Malik Ghallab and
               F{\'{e}}lix Ingrand},
  title     = {An Architecture for Autonomy},
  journal   = {I. J. Robotic Res.},
  volume    = {17},
  number    = {4},
  pages     = {315--337},
  year      = {1998},
  url       = {http://dx.doi.org/10.1177/027836499801700402},
  doi       = {10.1177/027836499801700402},
  timestamp = {Tue, 21 May 2013 19:29:44 +0200},
   bibsource = {dblp computer science bibliography, http://dblp.org}
}

@conference {Fong2005,
	title = {The Peer-to-Peer Human-Robot Interaction Project},
	booktitle = {Proceedings of the AIAA Space 2005},
	year = {2005},
	month = {09/2005},
	publisher = {American Institute of Aeronautics and Astronautics},
	organization = {American Institute of Aeronautics and Astronautics},
	address = {Long Beach},
	author = {Fong, T. W. and Illah Nourbakhsh and Robert Ambrose and Reid Simmons and A C Schultz and Jean Scholtz}
}












